@book{exampleBook,
  author    = {John Doe},
  title     = {Example Book Title},
  year      = {2020},
  publisher = {Example Publisher},
}

@article{exampleArticle,
  author  = {Jane Smith},
  title   = {Example Article Title},
  journal = {Example Journal},
  year    = {2021},
  volume  = {10},
  number  = {2},
  pages   = {123-456},
}